%% Created using Papers on Tue, 25 Sep 2018.
%% http://papersapp.com/papers/

@article{Parisi:2018kq,
author = {Parisi, Luca and RaviChandran, Narrendar and Manaog, Marianne Lyne},
title = {{Feature-driven machine learning to improve early diagnosis of Parkinson's disease}},
journal = {Expert Systems with Applications},
year = {2018},
volume = {110},
pages = {182--190},
month = nov
}

@article{Guegan:2018ey,
author = {Gu{\'e}gan, Dominique and Hassani, Bertrand},
title = {{Regulatory learning: How to supervise machine learning models? An application to credit scoring}},
journal = {The Journal of Finance and Data Science},
year = {2018},
volume = {4},
number = {3},
pages = {157--171},
month = sep
}

@article{Ngufor:2018fe,
author = {Ngufor, Che and Houten, Holly Van and Caffo, Brian S and Shah, Nilay D and McCoy, Rozalina G},
title = {{Mixed Effect Machine Learning: a framework for predicting longitudinal change in hemoglobin A1c}},
journal = {Journal of Biomedical Informatics},
year = {2018},
month = sep
}

@incollection{Callahan:2017bz,
author = {Callahan, Alison and Shah, Nigam H},
title = {{Chapter 19 Machine Learning in Healthcare}},
booktitle = {Key Advances in Clinical Informatics Transforming Health Care Through Health Information Technology},
year = {2017},
pages = {279--291},
publisher = {Elsevier},
month = jan
}

@article{Faggella:2014vx,
author = {Faggella, Daniel},
title = {{Where Healthcare Big Data actually comes from}},
journal = {techemergence.com},
year = {2014},
month = jan
}

@article{Smith:1988wy,
author = {Smith, Jack W and Everhart, J E and Dickson, W C and Knowler, W C and Johannes, R S},
title = {{Using the ADAP Learning Algorithm to Forecast the Onset of Diabetes Mellitus}},
journal = {Proceedings of the Annual Symposium on Computer Application in Medical Care},
year = {1988},
pages = {261--265},
month = nov
}

@article{Casanova:2018ju,
author = {Casanova, Ramon and Barnard, Ryan T and Gaussoin, Sarah A and Saldana, Santiago and Hayden, Kathleen M and Manson, JoAnn E and Wallace, Robert B and Rapp, Stephen R and Resnick, Susan M and Espeland, Mark A and Chen, Jiu-Chiuan},
title = {{Using high-dimensional machine learning methods to estimate an anatomical risk factor for Alzheimer's disease across imaging databases}},
journal = {NeuroImage},
year = {2018},
volume = {183},
pages = {401--411},
month = dec
}

@webpage{Anonymous:d57Kxkx8,
title = {{Apple Heart Study FAQs}},
url = {https://med.stanford.edu/appleheartstudy/faq.html}
}

@article{Anonymous:vy,
title = {{ResearchKit and CareKit}}
}

@article{Casey:2016bg,
author = {Casey, Joan A and Schwartz, Brian S and Stewart, Walter F and Adler, Nancy E},
title = {{Using Electronic Health Records for Population Health Research: A Review of Methods and Applications.}},
journal = {Annual review of public health},
year = {2016},
volume = {37},
number = {1},
pages = {61--81}
}

@article{Bellon:2013um,
author = {Bell{\'o}n, Juan {\'A}ngel and Conejo-Cer{\'o}n, Sonia and Moreno-Peral, Patricia and King, Michael and Nazareth, Irwin and Mart{\'\i}n-P{\'e}rez, Carlos and Fern{\'a}ndez-Alonso, Carmen and Ballesta-Rodr{\'\i}guez, Mar{\'\i}a Isabel and Fern{\'a}ndez, Anna and Aiarzaguena, Jos{\'e} Mar{\'\i}a and Mont{\'o}n-Franco, Carmen and Ibanez-Casas, Inmaculada and Rodr{\'\i}guez-S{\'a}nchez, Emiliano and Rodr{\'\i}guez-Bay{\'o}n, Antonina and Serrano-Blanco, Antoni and G{\'o}mez, Mar{\'\i}a Cruz and LaFuente, Pilar and del Mar Mu{\~n}oz-Garc{\'\i}a, Mar{\'\i}a and M{\'\i}nguez-Gonzalo, Pilar and Araujo, Luz and Palao, Diego and Espinosa-Cifuentes, Maite and Zubiaga, Fernando and Navas-Campa{\~n}a, Desir{\'e}e and Mendive, Juan and Aranda-Regules, Jose Manuel and Rodriguez-Morej{\'o}n, Alberto and Salvador-Carulla, Luis and de Dios Luna, Juan},
title = {{Preventing the onset of major depression based on the level and profile of risk of primary care attendees: protocol of a cluster randomised trial (the predictD-CCRT study)}},
journal = {BMC Psychiatry},
year = {2013},
volume = {13},
pages = {171--171}
}

@article{Ross:2016kh,
author = {Ross, Elsie Gyang and Shah, Nigam H and Dalman, Ronald L and Nead, Kevin T and Cooke, John P and Leeper, Nicholas J},
title = {{The use of machine learning for the identification of peripheral artery disease and future mortality risk.}},
journal = {Journal of vascular surgery},
year = {2016},
volume = {64},
number = {5},
pages = {1515--1522.e3},
month = nov
}

@article{Kaur:2018hr,
author = {Kaur, Prableen and Sharma, Manik and Mittal, Mamta},
title = {{Big Data and Machine Learning Based Secure Healthcare Framework}},
journal = {Procedia Computer Science},
year = {2018},
volume = {132},
pages = {1049--1059},
month = jan
}

@techreport{EMC:2014ve,
author = {{EMC}},
title = {{The digital Universe: driving data growth in healthcare}},
year = {2014}
}

@webpage{bcs:2017tl,
author = {{bcs} and Mackintosh, Maxine},
title = {{Data is the future of healthcare}},
year = {2017},
month = jun,
url = {http://www.bcs.org/content/conWebDoc/57805}
}

@article{William:2018ia,
author = {William, Wasswa and Ware, Andrew and Basaza-Ejiri, Annabella Habinka and Obungoloch, Johnes},
title = {{A review of image analysis and machine learning techniques for automated cervical cancer screening from pap-smear images}},
journal = {Computer Methods and Programs in Biomedicine},
year = {2018},
volume = {164},
pages = {15--22},
month = oct
}

@article{Aissa:2018jm,
author = {Aissa, Joel and Schaarschmidt, Benedikt Michael and Below, Janina and Bethge, Oliver Th and B{\"o}ven, Judith and Sawicki, Lino Morris and Hoff, Norman-Philipp and Kr{\"o}pil, Patric and Antoch, Gerald and Boos, Johannes},
title = {{Performance and clinical impact of machine learning based lung nodule detection using vessel suppression in melanoma patients}},
journal = {Clinical Imaging},
year = {2018},
volume = {52},
pages = {328--333},
month = nov
}

@webpage{Anonymous:I2FTN6O4,
title = {{Apple Heart Study}},
url = {https://med.stanford.edu/appleheartstudy.html}
}

@article{Xue:2018iq,
author = {Xue, Yajiong and Liang, Huigang and Norbury, John and Gillis, Rita and Killingworth, Brenda},
title = {{Predicting the risk of acute care readmissions among rehabilitation inpatients: A machine learning approach}},
journal = {Journal of Biomedical Informatics},
year = {2018},
volume = {86},
pages = {143--148},
month = oct
}

@article{Leek:2015bp,
author = {Leek, Jeffery T and Peng, Roger D},
title = {{Statistics. What is the question?}},
journal = {Science (New York, N.Y.)},
year = {2015},
volume = {347},
number = {6228},
pages = {1314--1315},
month = mar
}

@article{Raghupathi:2014wa,
author = {Raghupathi, Wullianallur and Raghupathi, Viju},
title = {{Big data analytics in healthcare: promise and potential}},
journal = {Health Information Science and Systems},
year = {2014},
volume = {2},
pages = {3}
}

@article{Peck:2012eg,
author = {Peck, Jordan S and Benneyan, James C and Nightingale, Deborah J and Gaehde, Stephan A},
title = {{Predicting emergency department inpatient admissions to improve same-day patient flow.}},
journal = {Academic emergency medicine : official journal of the Society for Academic Emergency Medicine},
year = {2012},
volume = {19},
number = {9},
pages = {E1045--54},
month = sep
}

@article{Shimoda:2018cj,
author = {Shimoda, Akihiro and Ichikawa, Daisuke and Oyama, Hiroshi},
title = {{Using machine-learning approaches to predict non-participation in a nationwide general health check-up scheme}},
journal = {Computer Methods and Programs in Biomedicine},
year = {2018},
volume = {163},
pages = {39--46},
month = sep
}

@article{Lopez:2018do,
author = {Lopez, Christian and Tucker, Scott and Salameh, Tarik and Tucker, Conrad},
title = {{An unsupervised machine learning method for discovering patient clusters based on genetic signatures}},
journal = {Journal of Biomedical Informatics},
year = {2018},
volume = {85},
pages = {30--39},
month = sep
}

@article{Kostkova:2016ur,
author = {Kostkova, Patty and Brewer, Helen and de Lusignan, Simon and Fottrell, Edward and Goldacre, Ben and Hart, Graham and Koczan, Phil and Knight, Peter and Marsolier, Corinne and McKendry, Rachel A and Ross, Emma and Sasse, Angela and Sullivan, Ralph and Chaytor, Sarah and Stevenson, Olivia and Velho, Raquel and Tooke, John},
title = {{Who Owns the Data? Open Data for Healthcare}},
journal = {Frontiers in Public Health},
year = {2016},
volume = {4},
pages = {7}
}

@techreport{Medicine:2017wa,
author = {Medicine, Stanford},
title = {{Harnessing the power of data in health}},
institution = {University of Stanford },
year = {2017}
}

@article{Goldacre:tf,
author = {Goldacre, Ben},
title = {{Care.data is in chaos. It breaks my heart}},
journal = {The Guardian}
}

@article{Anonymous:2014un,
title = {{Big data: enabling the future of healthcare}},
year = {2014},
month = nov
}

@article{Kousoulis:2015ti,
author = {Kousoulis, Antonis A and Rafi, Imran and de Lusignan, Simon},
title = {{The CPRD and the RCGP: building on research success by enhancing benefits for patients and practices}},
journal = {The British Journal of General Practice},
year = {2015},
volume = {65},
number = {631},
pages = {54--55},
month = feb
}

@article{mrWebMaster:wi,
author = {mr Web Master, United Kingdom},
title = {{Maternity Services Secondary Uses Data Set}}
}

