%%
%% WinShell 3.3.1.12
%% http://www.winshell.org/
%%

% Strings


% Preamble


% BibTeX Entries
@article{art:Moller2003HWRastArch,
 author               = {Tomas Akenine-M{\"o}ller and Jacob Str{\"o}m},
 journal              = {ACM Trans. Graph.},
 number               = {3},
 pages                = {801--808},
 title                = {{Graphics for the Masses: A Hardware Rasterization Architecture for Mobile Phones}},
 url                  = {http://www.cs.lth.se/home/Tomas_Akenine_Moller/pubs/masses.pdf},
 volume               = {22},
 year                 = {2003},
 }

@book{book:einsteinBrownianMovement,
 author               = {Albert Einstein},
 publisher            = {Dover},
 title                = {{Investigations on the Theory of Brownian Movement}},
 year                 = {1956},
 }

@mastersthesis{msc:Edberg2007FluxgateMagnetometer,
 author               = {Terry Edberg},
 school               = {Royal Institute of Technology, Stockholm, Sweden},
 title                = {{Evaluation and Optimisation of the SMILE Fluxgate Magnetometer}},
 type                 = {MSc Thesis},
 url                  = {http://www.ee.kth.se/php/modules/publications/reports/2007/XR-EE-SPP_2007_001.pdf},
 year                 = {2007},
 }

@phdthesis{phd:Grace2004MiddlewareMobile,
 author               = {Paul Grace},
 school               = {Computing Department Lancaster University},
 title                = {{Overcoming Middleware Heterogeneity in Mobile Computing Applications}},
 type                 = {PhD Thesis},
 url                  = {http://www.lancs.ac.uk/postgrad/gracep/thesisfinal.pdf},
 year                 = {2004},
 }

@inproceedings{proc:Park2006UIMgtRmtRobots,
 author               = {Ji Hwan Park and Ki Oh Kim and Jae Wook Jeon},
 booktitle            = {SICE-ICASE, 2006. International Joint Conference},
 month                = {Oct},
 pages                = {417--420},
 title                = {{PDA based User Interface Management System for Remote Control Robots}},
 url                  = {10.1109/SICE.2006.315333},
 year                 = {2006},
 }

@misc{web:berkeleyBOINC,
 author               = {{Berkeley University}},
 lastchecked          = {20 Sept 2010},
 title                = {{Berkeley Open Infractructure for Network Computing}},
 url                  = {http://boinc.berkeley.edu/},
 year                 = {2010},
 }

@misc{web:Fear2005BookTabs,
 author               = {Simon Fear},
 lastchecked          = {20 Sept 2010},
 title                = {{Publication Quality Tables in \LaTeX}},
 url                  = {http://www.ctan.org/pub/tex-archive/macros/latex/contrib/booktabs/booktabs.pdf},
 year                 = {2005},
 }
